@article{bbr,
  title="{BBR: Congestion-Based Congestion Control}",
  author={Cardwell, Neal and Cheng, Yuchung and Gunn, C Stephen and Yeganeh, Soheil Hassas and Jacobson, Van},
  journal={Queue},
  volume={14},
  number={5},
  pages={50},
  year={2016},
  publisher={ACM}
}
@inproceedings{timely,
  title="{TIMELY: RTT-based Congestion Control for the Datacenter}",
  author={Mittal, Radhika and Dukkipati, Nandita and Blem, Emily and Wassel, Hassan and Ghobadi, Monia and Vahdat, Amin and Wang, Yaogong and Wetherall, David and Zats, David and others},
  booktitle={ACM SIGCOMM Computer Communication Review},
  volume={45},
  number={4},
  pages={537--550},
  year={2015},
  organization={ACM}
}
